@online{dot,
    title={DOT format},
    url={https://en.wikipedia.org/wiki/DOT_(graph_description_language)},
    year={2020}
}
